@misc{ enwiki:1174729149,
    author = "{Wikipedia contributors}",
    title = "Vertex cover --- {Wikipedia}{,} The Free Encyclopedia",
    year = "2023",
    url = "https://en.wikipedia.org/w/index.php?title=Vertex_cover&oldid=1174729149",
    note = "[Online; accessed 11-November-2023]"
  }